@online{koeff,
  url = {http://www.mathe.tu-freiberg.de/~wegert/Lehre/AusKapAna/Fourier.pdf},
  title = {Fourierreihe Rechteck/SÃ¤gezahn/Dreieck},
  date = {2017-12-10}
}
